@string{CC     = "Compiler Construction (CC)"}
@string{PLDI   = "Programming Language Design and Implementation (PLDI)"}
@string{ECOOP  = "European Conference on Object-Oriented Programming (ECOOP)"}
@string{OOPSLA = "Object-Oriented Programming, Systems, Languages, and Applications (OOPLSA)"}
@string{APLAS  = "Asian Symposium on Programming Languages and Systems (APLAS)"}
@string{SOAP   = "International Workshop on the State Of the Art in Program Analysis (SOAP)"}
@string{ISSTA  = "International Symposium on Software Testing and Analysis (ISSTA)"}

@proceedings{setn:2012,
  title     = "Hellenic Conference on Artificial Intelligence (SETN)",
  booktitle = {Proc. of the 7th Hellenic Conf. on Artificial Intelligence},
  publisher = {Springer},
  series    = {SETN '12},
  location  = {Lamia, Greece},
  year      = {2012},
}

@proceedings{cc:2013,
  title     = CC,
  booktitle = {Proc. of the 22nd European Conf. on Compiler Construction},
  publisher = {Springer},
  series    = {CC '13},
  location  = {Rome, Italy},
  year      = {2013},
}

@proceedings{cc:2018,
  title     = CC,
  booktitle = {Proc. of the 27th European Conf. on Compiler Construction},
  publisher = {Springer},
  series    = {CC '18},
  location  = {Vienna, Austria},
  year      = {2018},
}

@proceedings{pldi:2013,
  title     = PLDI,
  booktitle = {Proc. of the 2013 ACM SIGPLAN Conf. on Programming Language Design and Implementation},
  publisher = {ACM},
  series    = {PLDI '13},
  location  = {Seattle, WA, USA},
  year      = {2013},
}

@proceedings{pldi:2014,
  title     = PLDI,
  booktitle = {Proc. of the 2014 ACM SIGPLAN Conf. on Programming Language Design and Implementation},
  publisher = {ACM},
  series    = {PLDI '14},
  location  = {Edinburgh, United Kingdom},
  year      = {2014},
}

@proceedings{oopsla:2013,
  title     = OOPSLA,
  booktitle = {Proc. of the 28th Annual ACM SIGPLAN Conf. on Object Oriented Programming, Systems, Languages, and Applications},
  location  = {Indianapolis, Indiana, USA},
  series    = {OOPSLA '13},
  publisher = {ACM},
  year      = {2013},
}

@proceedings{aplas:2015,
  title     = APLAS,
  booktitle = {Proc. of the 13th Asian Symp. on Programming Languages and Systems},
  series    = {APLAS '15},
  location  = {Pohang, Korea},
  year      = {2015},
}

@proceedings{soap:2017,
  title     = SOAP,
  booktitle = {Proc. of the 6th ACM SIGPLAN International Workshop on State Of the Art in Program Analysis},
  series    = {SOAP '17},
  publisher = {ACM},
  location  = {Barcelona, Spain},
  year      = {2017},
}

@proceedings{issta:2018,
  title     = ISSTA,
  booktitle = {Proc. of the 27th ACM SIGSOFT International Symposium on Software Testing and Analysis},
  series    = {ISSTA '18},
  publisher = {ACM},
  location  = {Amsterdam, Netherlands},
  year      = {2018},
}

@proceedings{ecoop:2018,
  title     = ECOOp,
  booktitle = {Proc. of the 32nd ACM SIGSOFT European Conference on Object-Oriented Programming},
  series    = {ECOOP '18},
  publisher = {ACM},
  location  = {Amsterdam, Netherlands},
  year      = {2018},
}