@inproceedings{localsearch,
  author   = {Pothitos, Nikolaos and Kastrinis, George and Stamatopoulos, Panagiotis},
  title    = {Constraint Propagation as the Core of Local Search},
  crossref = {setn:2012},
}

@inproceedings{exceptions,
  author   = {Kastrinis, George and Smaragdakis, Yannis},
  title    = {Efficient and Effective Handling of Exceptions in Java Points-To Analysis},
  crossref = {cc:2013},
}

@inproceedings{hybrid,
  author   = {Kastrinis, George and Smaragdakis, Yannis},
  title    = {Hybrid Context-Sensitivity for Points-To Analysis},
  crossref = {pldi:2013},
}

@inproceedings{setbased,
  author   = {Smaragdakis, Yannis and Balatsouras, George and Kastrinis, George},
  title    = {Set-Based Pre-Processing for Points-To Analysis},
  crossref = {oopsla:2013},
}

@inproceedings{introspective,
  author   = {Smaragdakis, Yannis and Kastrinis, George and Balatsouras, George},
  title    = {Introspective Analysis: Context-sensitivity, Across the Board},
  crossref = {pldi:2014},
}

@inproceedings{reflection,
  author   = {Smaragdakis, Yannis and Balatsouras, George and Kastrinis, George},
  title    = {More Sound Static Handling of Java Reflection},
  crossref = {aplas:2015},
}

@inproceedings{mustaliasdatalog,
  author   = {Balatsouras, George and Ferles, Kostas and Kastrinis, George and Smaragdakis, Yannis},
  title    = {A Datalog Model of Must-alias Analysis},
  crossref = {soap:2017},
}

@inproceedings{mustaliasdata,
  author   = {Kastrinis, George and Balatsouras, George and Ferles, Kostas and Prokopaki, Nefeli and Smaragdakis, Yannis},
  title    = {An Efficient Data Structure for Must-Alias Analysis},
  crossref = {cc:2018},
}

@inproceedings{proxies,
  author   = {Fourtounis, George and Kastrinis, George and Smaragdakis, Yannis},
  title    = {Static Analysis of Java Dynamic Proxies},
  crossref = {issta:2018},
}

@inproceedings{stringcoloring,
  author   = {Grech, Neville and Kastrinis, George and Smaragdakis, Yannis},
  title    = {Efficient Reflection String Analysis via Graph Coloring},
  crossref = {ecoop:2018},
}

@inproceedings{soundmay,
  author   = {Smaragdakis, Yannis and Kastrinis, George},
  title    = {Defensive Points-To Analysis: Effective Soundness via Laziness},
  crossref = {ecoop:2018},
  booktitleaddon = {\textbf{Distinguished Paper Award}},
}