@string{CC     = "Conf. on Compiler Construction"}
@string{PLDI   = "Conf. on Programming Language Design and Implementation"}
@string{ECOOP  = "Eur. Conf. on Object-Oriented Programming"}
@string{OOPSLA = "Conf. on Object-Oriented Programming, Systems, Languages, and Applications"}
@string{APLAS  = "Asian Symp. on Programming Languages and Systems"}
@string{SOAP   = "Intl. Workshop on the State Of the Art in Program Analysis"}
@string{ISSTA  = "Intl. Symposium on Software Testing and Analysis"}

@proceedings{setn:2012,
  booktitle = {Proc. of the 7th Hellenic Conf. on Artificial Intelligence},
  series    = {SETN '12},
  location  = {Lamia, Greece},
  year      = {2012},
}

@proceedings{cc:2013,
  booktitle = CC,
  series    = {CC '13},
  location  = {Rome, Italy},
  year      = {2013},
}

@proceedings{cc:2018,
  booktitle = CC,
  series    = {CC '18},
  location  = {Vienna, Austria},
  year      = {2018},
}

@proceedings{pldi:2013,
  booktitle = PLDI,
  series    = {PLDI '13},
  location  = {Seattle, WA, USA},
  year      = {2013},
}

@proceedings{pldi:2014,
  booktitle = PLDI,
  series    = {PLDI '14},
  location  = {Edinburgh, United Kingdom},
  year      = {2014},
}

@proceedings{oopsla:2013,
  booktitle = OOPSLA,
  location  = {Indianapolis, Indiana, USA},
  series    = {OOPSLA '13},
  year      = {2013},
}

@proceedings{aplas:2015,
  booktitle = APLAS,
  series    = {APLAS '15},
  year      = {2015},
  location  = {Pohang, Korea},
}

@proceedings{soap:2017,
  booktitle = SOAP,
  series    = {SOAP '17},
  location  = {Barcelona, Spain},
  year      = {2017},
}

@proceedings{issta:2018,
  booktitle = ISSTA,
  series    = {ISSTA '18},
  location  = {Amsterdam, Netherlands},
  year      = {2018},
}

@proceedings{ecoop:2018,
  booktitle = ECOOP,
  series    = {ECOOP '18},
  location  = {Amsterdam, Netherlands},
  year      = {2018},
}